<collection xmlns="http://www.loc.gov/MARC21/slim">
<record>
  <leader>01586nam0a22003011i 450 </leader>
  <controlfield tag="001">IT\ICCU\CNCE\063986</controlfield>
  <controlfield tag="005">20060707000000.0</controlfield>
  <datafield tag="012" ind1=" " ind2=" ">
    <subfield code="a">o-bi r.36 t.i- inin (3) 1590 (R)</subfield>
    <subfield code="2">fei</subfield>
  </datafield>
  <datafield tag="100" ind1=" " ind2=" ">
    <subfield code="a">20060202d1590        0itac0103    ba</subfield>
  </datafield>
  <datafield tag="101" ind1=" " ind2=" ">
    <subfield code="a">LAT</subfield>
  </datafield>
  <datafield tag="102" ind1=" " ind2=" ">
    <subfield code="a">IT</subfield>
  </datafield>
  <datafield tag="200" ind1="1" ind2=" ">
    <subfield code="a">℗Iacobi Menochii ... ℗De arbitrariis iudicum quastionibus, et caussis libri secundi centuria V nuperrimae edita. Adiecta sunt summaria, et indices rerum, sententiarumque insignium</subfield>
  </datafield>
  <datafield tag="210" ind1=" " ind2=" ">
    <subfield code="a">Venetiis</subfield>
    <subfield code="c">apud Franciscum de Franciscis senensem</subfield>
    <subfield code="d">1590</subfield>
  </datafield>
  <datafield tag="215" ind1=" " ind2=" ">
    <subfield code="a">\32!, 139, \1! p.</subfield>
    <subfield code="d">fol</subfield>
  </datafield>
  <datafield tag="620" ind1=" " ind2=" ">
    <subfield code="a">IT</subfield>
    <subfield code="d">Venezia</subfield>
  </datafield>
  <datafield tag="700" ind1=" " ind2="1">
    <subfield code="a">Menochio,</subfield>
    <subfield code="b">Giacomo</subfield>
    <subfield code="3">IT\ICCU\CNCA\001045</subfield>
  </datafield>
  <datafield tag="712" ind1="0" ind2="0">
    <subfield code="a">De_Franceschi, Francesco</subfield>
    <subfield code="c"> &lt;senese&gt;</subfield>
    <subfield code="3">IT\ICCU\CNCT\000366</subfield>
    <subfield code="4">650</subfield>
  </datafield>
  <datafield tag="790" ind1=" " ind2="1">
    <subfield code="a">Menochio,</subfield>
    <subfield code="b">Iacopo</subfield>
    <subfield code="3">IT\ICCU\CNCA\019627</subfield>
    <subfield code="z">Menochio, Giacomo</subfield>
  </datafield>
  <datafield tag="790" ind1=" " ind2="1">
    <subfield code="a">Menochius,</subfield>
    <subfield code="b">Jacobus</subfield>
    <subfield code="3">IT\ICCU\CNCA\019628</subfield>
    <subfield code="z">Menochio, Giacomo</subfield>
  </datafield>
  <datafield tag="790" ind1=" " ind2="1">
    <subfield code="a">Menocchio,</subfield>
    <subfield code="b">Iacopo</subfield>
    <subfield code="3">IT\ICCU\CNCA\019669</subfield>
    <subfield code="z">Menochio, Giacomo</subfield>
  </datafield>
  <datafield tag="791" ind1="0" ind2="0">
    <subfield code="a">Franceschi, Francesco de</subfield>
    <subfield code="3">IT\ICCU\CNCT\003741</subfield>
    <subfield code="z">De_Franceschi, Francesco &lt;senese&gt;</subfield>
  </datafield>
  <datafield tag="791" ind1="0" ind2="2">
    <subfield code="a">Franciscus Senensis</subfield>
    <subfield code="3">IT\ICCU\CNCT\003742</subfield>
    <subfield code="z">De_Franceschi, Francesco &lt;senese&gt;</subfield>
  </datafield>
  <datafield tag="791" ind1="0" ind2="2">
    <subfield code="a">Francesco Senese</subfield>
    <subfield code="3">IT\ICCU\CNCT\003743</subfield>
    <subfield code="z">De_Franceschi, Francesco &lt;senese&gt;</subfield>
  </datafield>
  <datafield tag="791" ind1="0" ind2="0">
    <subfield code="a">Franciscius, Franciscus</subfield>
    <subfield code="3">IT\ICCU\CNCT\003744</subfield>
    <subfield code="z">De_Franceschi, Francesco &lt;senese&gt;</subfield>
  </datafield>
  <datafield tag="791" ind1="0" ind2="0">
    <subfield code="a">Franciscis, Franciscus de</subfield>
    <subfield code="3">IT\ICCU\CNCT\003745</subfield>
    <subfield code="z">De_Franceschi, Francesco &lt;senese&gt;</subfield>
  </datafield>
  <datafield tag="801" ind1=" " ind2="3">
    <subfield code="a">IT</subfield>
    <subfield code="b">ICCU</subfield>
    <subfield code="c">20201115</subfield>
  </datafield>
  <datafield tag="899" ind1=" " ind2=" ">
    <subfield code="a">Biblioteca civica Giovanni Canna. Casale Monferrato</subfield>
    <subfield code="1">AL0114</subfield>
    <subfield code="2">TO0 49</subfield>
  </datafield>
  <datafield tag="899" ind1=" " ind2=" ">
    <subfield code="a">Biblioteca civica centrale. Torino</subfield>
    <subfield code="1">TO0240</subfield>
    <subfield code="2">BCT 01</subfield>
  </datafield>
</record>
</collection>
